<record xmlns:xsi="http://www.w3.org/2001/XMLSchema-instance" xmlns="http://www.loc.gov/MARC21/slim" xsi:schemaLocation="http://www.loc.gov/MARC21/slim http://www.loc.gov/standards/marcxml/schema/MARC21slim.xsd">

  <leader>01162nam a2200229Ia 4500</leader>
  <datafield ind2=" " tag="999" ind1=" ">
    <subfield code="c">1882</subfield>
    <subfield code="d">1882</subfield>
  </datafield>
  <controlfield tag="008">180517b2003    cr ||||| |||| 00| | spa d</controlfield>
  <datafield tag="090" ind2=" " ind1=" ">
    <subfield code="a">06.03.07</subfield>
    <subfield code="b"> 282</subfield>
  </datafield>
  <datafield ind2=" " tag="100" ind1="1">
    <subfield code="a">Chaves Salas, Ana Lupita</subfield>
    <subfield code="9">255</subfield>
  </datafield>
  <datafield ind2="0" tag="245" ind1="1">
    <subfield code="a">Huellas de los procesos de formación en la vida profesional de educadoras y educadores de escuelas públicas y privadas de cinco generaciones (1950-1960; 1960-1970; 1970-1980; 1980-1990; 1990-1999) /</subfield>
    <subfield code="c"> Lupita Chaves Salas, Jacqueline García Fallas</subfield>
  </datafield>
  <datafield tag="260" ind2=" " ind1=" ">
    <subfield code="a">San José, Costa Rica : </subfield>
    <subfield code="b">IIMEC, </subfield>
    <subfield code="c">2003</subfield>
  </datafield>
  <datafield ind2=" " tag="300" ind1=" ">
    <subfield code="a">123 páginas</subfield>
  </datafield>
  <datafield ind1=" " ind2=" " tag="500">
    <subfield code="a">Se cuenta con el informe parcial (2003) y el Informe Final (2004, 245 p.) del Proyecto de Investigación N°724-A2-031</subfield>
  </datafield>
  <datafield ind1=" " ind2=" " tag="520">
    <subfield code="a">El presente informe de investigación da cuenta del proceso seguido para la recuperación de las huellas de formación docente, la experiencia profesional y personal de docentes de cinco décadas en la educación costarricense, mediante sus historias de vida. Con esta recuperación se evidencia cómo las creencias, las perspectivas de vida y las relaciones conceptuales emanadas de la formación profesional influyen en el desempeño profesional, situación propicia por la autorreflexión de la acción pedagógica. Lo anterior, contribuye también a la valoración de los procesos de formación docente en la actualidad, así como a la apertura de un espacio de intercambio de experiencias profesionales entre las distintas generaciones que se han dedicado a la docencia. 
El enfoque de esta investigación es cualitativo y con énfasis en un marco fenomenológico, dado que se centra en el estudio de los acontecimientos vividos por las personas participantes al tiempo que se interesa por descubrir la visión propia de la realidad construida y actuada a través de sus creencias, concepciones y representaciones. Las fases de investigación fueron: 
I. Fase: Búsqueda de educadoras y educadores participantes en el estudio. 
II. Fase: Planificación y ejecución de talleres con educadoras y educadores. 
III. Fase: Análisis de las historias de vida y entrevistas a profundidad. 
IV. Fase: Presentación de conclusiones a las personas que participaron en la investigación. 
Entre los resultados más importantes están: 
- En relación con las metas, se lograron alcanzar las relacionadas con la planificación y ejecución de los talleres de reflexión y análisis sobre los aspectos personales y profesionales de las historias de vida desde la percepción de cada participante. 
- En este análisis se incorpora la reflexión en torno al género como un aspecto central que emana de las historias de vida. 
- Presentación de dos Trabajos Finales de Graduación (diciembre 2002) sobre historias de vida de educadoras de cinco generaciones. 
- Se ofreció una actividad de extensión docente "Identidad genérica y relaciones de poder en el aula", presentada en el I Congreso Nacional de Educación Uladislao Gámez Solano, octubre 2002. 
- Se participó en las Jornadas de Investigación de la EXPO-2003 que organiza la Vicerrectoría de Investigación de la Universidad de Costa Rica, agosto 2004. 
- Desarrollo de un proyecto de extensión docente mediante la creación de un foro de interés nacional sobre la calidad de la educación, 2004.</subfield>
  </datafield>
  <datafield tag="650" ind2="4" ind1="1">
    <subfield code="a">FORMACIÓN PROFESIONAL</subfield>
    <subfield code="9">498</subfield>
  </datafield>
  <datafield ind2="4" tag="650" ind1="1">
    <subfield code="a">DOCENTES</subfield>
    <subfield code="9">331</subfield>
  </datafield>
  <datafield ind2="4" tag="650" ind1="1">
    <subfield code="a">EDUCACIÓN PRIMARIA</subfield>
    <subfield code="9">367</subfield>
  </datafield>
  <datafield ind1="1" tag="650" ind2="4">
    <subfield code="a">EDUCACIÓN PÚBLICA </subfield>
    <subfield code="9">394</subfield>
  </datafield>
  <datafield ind2=" " tag="700" ind1="1">
    <subfield code="9">759</subfield>
    <subfield code="a">García Fallas, Jacqueline</subfield>
  </datafield>
  <datafield ind1=" " ind2=" " tag="942">
    <subfield code="2">z</subfield>
    <subfield code="c">04</subfield>
  </datafield>
</record>